@misc{acconcia2025,
  author = {Dias, Maurício Acconcia},
  title = {Elaboração de TCCs},
  howpublished = {\url{https://acconcia.medium.com/elabora%C3%A7%C3%A3o-de-tccs-6d308b5fc7da}},
  year = {2025},
  month = {aug},
  note = {Acesso em: agosto 2025}
}

@misc{tiobe,
    author = "tiobe",
    title = "{TIOBE Index for April 2025}",
    howpublished = "\url{https://www.tiobe.com/tiobe-index/}",
    note = "Acesso em: abril 2025",
    year = "2024"
}

@misc{octoverse,
    author = "octoverse",
    title = "{GitHub Octoverse 2022}",
    howpublished = "\url{https://octoverse.github.com/2022/top-programming-languages}",
    note = "Acesso em: abril 2025",
    year = "2022"
}

@misc{stackoverflow,
    author= "stackoverflow",
    title = "{Stack Overflow Developer Survey 2024}",
    howpublished = "\url{https://survey.stackoverflow.co/2024/technology}",
    note = "Acesso em: abril 2025",
    year = "2024"
}

@book{knuth1998,
  author = "Donald E. Knuth",
  title = "The Art of Computer Programming, Volume 3: Sorting and Searching",
  publisher = "Addison-Wesley",
  year = "1998",
  edition = "2nd",
  isbn = "9780201896855"
}

@book{garey1979,
  author = "Michael R. Garey and David S. Johnson",
  title = "Computers and Intractability: A Guide to the Theory of NP-Completeness",
  publisher = "W. H. Freeman",
  year = "1979",
  isbn = "9780716710455"
}

@book{sipser2012,
  author = "Michael Sipser",
  title = "Introduction to the Theory of Computation",
  publisher = "Cengage Learning",
  year = "2012",
  edition = "3rd",
  isbn = "9781133187790"
}

@book{sebesta2016,
  author = "Robert W. Sebesta",
  title = "Concepts of Programming Languages",
  publisher = "Pearson",
  year = "2016",
  edition = "11th",
  isbn = "9780133943023"
}

@article{rivest1978,
  author = "Ronald L. Rivest and Adi Shamir and Leonard Adleman",
  title = "A Method for Obtaining Digital Signatures and Public-Key Cryptosystems",
  journal = "Communications of the ACM",
  volume = "21",
  number = "2",
  year = "1978",
  pages = "120--126",
  doi = "10.1145/359340.359342"
}
