@article{martello1990knapsack,
  title={Knapsack problems: algorithms and computer implementations},
  author={Martello, Silvano and Toth, Paolo},
  journal={Wiley-Interscience series in discrete mathematics and optimization},
  year={1990},
  publisher={Wiley}
}

@book{cormen2022algorithms,
  title={Algoritmos: Teoria e Pr√°tica},
  author={Cormen, Thomas H. and Leiserson, Charles E. and Rivest, Ronald L. and Stein, Clifford},
  year={2022},
  edition={4},
  publisher={GEN LTC}
}

@article{mernik2005dsl,
  title={When and how to develop domain-specific languages},
  author={Mernik, Marjan and Heering, Jan and Sloane, Anthony M},
  journal={ACM computing surveys (CSUR)},
  volume={37},
  number={4},
  pages={316--344},
  year={2005},
  publisher={ACM}
}
