@article{greenwade93,
    author  = "George D. Greenwade",
    title   = "The {C}omprehensive {T}ex {A}rchive {N}etwork ({CTAN})",
    year    = "1993",
    journal = "TUGBoat",
    volume  = "14",
    number  = "3",
    pages   = "342--351"
}

@misc{tiobe,
    author = "tiobe",
    title = "{TIOBE Index for April 2025}",
    howpublished = "\url{https://www.tiobe.com/tiobe-index/}",
    note = "Acesso em: abril 2025",
    year = "2024"
}

@misc{octoverse,
    author = "octoverse",
    title = "{GitHub Octoverse 2022}",
    howpublished = "\url{https://octoverse.github.com/2022/top-programming-languages}",
    note = "Acesso em: abril 2025",
    year = "2022"
}

@misc{stackoverflow,
    author= "stackoverflow",
    title = "{Stack Overflow Developer Survey 2024}",
    howpublished = "\url{https://survey.stackoverflow.co/2024/technology}",
    note = "Acesso em: abril 2025",
    year = "2024"
}
